@String(PAMI = {IEEE Trans. Pattern Anal. Mach. Intell.})
@String(IJCV = {Int. J. Comput. Vis.})
@String(CVPR= {IEEE Conf. Comput. Vis. Pattern Recog.})
@String(ICCV= {Int. Conf. Comput. Vis.})
@String(ECCV= {Eur. Conf. Comput. Vis.})
@String(NIPS= {Adv. Neural Inform. Process. Syst.})
@String(ICPR = {Int. Conf. Pattern Recog.})
@String(BMVC= {Brit. Mach. Vis. Conf.})
@String(TOG= {ACM Trans. Graph.})
@String(TIP  = {IEEE Trans. Image Process.})
@String(TVCG  = {IEEE Trans. Vis. Comput. Graph.})
@String(TMM  = {IEEE Trans. Multimedia})
@String(ACMMM= {ACM Int. Conf. Multimedia})
@String(ICME = {Int. Conf. Multimedia and Expo})
@String(ICASSP=	{ICASSP})
@String(ICIP = {IEEE Int. Conf. Image Process.})
@String(ACCV  = {ACCV})
@String(ICLR = {Int. Conf. Learn. Represent.})
@String(IJCAI = {IJCAI})
@String(PR   = {Pattern Recognition})
@String(AAAI = {AAAI})
@String(CVPRW= {IEEE Conf. Comput. Vis. Pattern Recog. Worksh.})
@String(CSVT = {IEEE Trans. Circuit Syst. Video Technol.})

@String(SPL	= {IEEE Sign. Process. Letters})
@String(VR   = {Vis. Res.})
@String(JOV	 = {J. Vis.})
@String(TVC  = {The Vis. Comput.})
@String(JCST  = {J. Comput. Sci. Tech.})
@String(CGF  = {Comput. Graph. Forum})
@String(CVM = {Computational Visual Media})


@String(PAMI  = {IEEE TPAMI})
@String(IJCV  = {IJCV})
@String(CVPR  = {CVPR})
@String(ICCV  = {ICCV})
@String(ECCV  = {ECCV})
@String(NIPS  = {NeurIPS})
@String(ICPR  = {ICPR})
@String(BMVC  =	{BMVC})
@String(TOG   = {ACM TOG})
@String(TIP   = {IEEE TIP})
@String(TVCG  = {IEEE TVCG})
@String(TCSVT = {IEEE TCSVT})
@String(TMM   =	{IEEE TMM})
@String(ACMMM = {ACM MM})
@String(ICME  =	{ICME})
@String(ICASSP=	{ICASSP})
@String(ICIP  = {ICIP})
@String(ACCV  = {ACCV})
@String(ICLR  = {ICLR})
@String(IJCAI = {IJCAI})
@String(PR = {PR})
@String(AAAI = {AAAI})
@String(CVPRW= {CVPRW})
@String(CSVT = {IEEE TCSVT})

@article{Potts,
author = {Simon G. Potts and Jacobus C. Biesmeijer and Claire Kremen and Peter Neumann and Oliver Schweiger and William E. Kunin},
title = {Global pollinator declines: trends, impacts and drivers},
journal = {Trends in Ecology \& Evolution},
volume = 25,
number = 6,
pages = {345--353},
year = 2010
}

@article{Donaldson,
author = {Donaldson-Matasci, Matina C. and Dornhaus, Anna},
title = {How habitat affects the benefits of communication in collectively foraging honey bees},
journal = {Behavioral Ecology and Sociobiology},
volume = 66,
number = 4,
pages = {583--592},
year = 2012
}

@article{Donkersley,
author = {Donkersley, Philip and Rhodes, Glenn and Pickup, Roger W. and Jones, Kevin C. and Wilson, Kenneth},
title = {Honeybee nutrition is linked to landscape composition},
journal = {Ecology and Evolution},
volume = 4,
number = 21,
pages = {4195--4206},
year = 2014
}

@article{Rzanny,
author = {Rzanny, Michael and Mäder, Patrick and Deggelmann, Alice and Chen, Minqian and Wäldchen, Jana},
title = {Flowers, leaves or both? {H}ow to obtain suitable images for automated plant identification},
journal = {Plant Methods},
volume = 15,
number = 1,
year = 2019
}

